@book{Ungarish2009,
	author = {Ungarish, M.},
	title = {An Introduction to Gravity Currents and Intrusions},
	date = {September 19, 2019},
	year = {2019},
	publish = {CRC Press LLC}
}
